@ARTICLE{NTP, 
author={D. L. Mills}, 
journal={IEEE Transactions on Communications}, 
title={Internet time synchronization: the network time protocol}, 
year={1991}, 
volume={39}, 
number={10}, 
pages={1482-1493}, 
keywords={computer networks;protocols;synchronisation;Internet;distributed subnet;hierarchical configuration;large diverse networks;local routing algorithms;national time standards;network time protocol;symmetric architecture;time daemons;time servers;time synchronization;Clocks;IP networks;Internet;Maintenance;Milling machines;Network servers;Protocols;Synchronization;Web server;Wire}, 
doi={10.1109/26.103043}, 
ISSN={0090-6778}, 
month={Oct},}

@ARTICLE{berkeley, 
author={R. Gusella and S. Zatti}, 
journal={IEEE Transactions on Software Engineering}, 
title={The accuracy of the clock synchronization achieved by TEMPO in Berkeley UNIX 4.3BSD}, 
year={1989}, 
volume={15}, 
number={7}, 
pages={847-853}, 
keywords={Unix;fault tolerant computing;local area networks;synchronisation;Berkeley UNIX 4.3BSD;TEMPO;VAX computers;clock synchronization;distributed service;local area network;lower bounds;network transmission latency;upper bounds;Clocks;Computer networks;Computer science;Costs;Delay;Local area networks;Master-slave;Nominations and elections;Synchronization;Time measurement}, 
doi={10.1109/32.29484}, 
ISSN={0098-5589}, 
month={Jul},}

@inproceedings{ahrens2014image,
  title={An image-based approach to extreme scale in situ visualization and analysis},
  author={Ahrens, James and Jourdain, S{\'e}bastien and O'Leary, Patrick and Patchett, John and Rogers, David H and Petersen, Mark},
  booktitle={Proceedings of the International Conference for High Performance Computing, Networking, Storage and Analysis},
  pages={424--434},
  year={2014},
  organization={IEEE Press}
}
